[gd_scene load_steps=12 format=3 uid="uid://fvlem4oy78m2"]

[ext_resource type="Script" path="res://scenes/main_game.gd" id="1_d57ys"]
[ext_resource type="Theme" uid="uid://cjmbebatl6d71" path="res://themes/button_blue.tres" id="3_o7km3"]
[ext_resource type="Theme" uid="uid://c2wopckxvdls4" path="res://themes/button_green.tres" id="3_t0kp4"]
[ext_resource type="AudioStream" uid="uid://bqf5xbtj5i7kp" path="res://sounds/zap1.ogg" id="4_hb7x7"]
[ext_resource type="AudioStream" uid="uid://tr1wv04gsptc" path="res://sounds/buzzer.wav" id="5_1wmpc"]
[ext_resource type="AudioStream" uid="uid://dxo0khvjcvdtj" path="res://sounds/start.mp3" id="6_ke1sk"]
[ext_resource type="AudioStream" uid="uid://dckhmmdpooa81" path="res://sounds/next.mp3" id="7_a0xhv"]
[ext_resource type="AudioStream" uid="uid://dttif35u1u283" path="res://sounds/point.mp3" id="8_mchxn"]
[ext_resource type="AudioStream" uid="uid://dwelj16yjnfs3" path="res://sounds/pass.mp3" id="9_5l15u"]

[sub_resource type="Animation" id="Animation_o7t8e"]
resource_name = "timeup"
length = 15.0
tracks/0/type = "audio"
tracks/0/imported = false
tracks/0/enabled = true
tracks/0/path = NodePath("buzzer")
tracks/0/interp = 1
tracks/0/loop_wrap = true
tracks/0/keys = {
"clips": [{
"end_offset": 0.0,
"start_offset": 0.0,
"stream": ExtResource("4_hb7x7")
}, {
"end_offset": 0.0,
"start_offset": 0.0,
"stream": ExtResource("4_hb7x7")
}, {
"end_offset": 0.0,
"start_offset": 0.0,
"stream": ExtResource("4_hb7x7")
}, {
"end_offset": 0.0,
"start_offset": 0.0,
"stream": ExtResource("4_hb7x7")
}, {
"end_offset": 0.0,
"start_offset": 0.0,
"stream": ExtResource("4_hb7x7")
}, {
"end_offset": 0.0,
"start_offset": 0.0,
"stream": ExtResource("4_hb7x7")
}, {
"end_offset": 0.0,
"start_offset": 0.0,
"stream": ExtResource("4_hb7x7")
}, {
"end_offset": 0.0,
"start_offset": 0.0,
"stream": ExtResource("4_hb7x7")
}, {
"end_offset": 0.0,
"start_offset": 0.0,
"stream": ExtResource("4_hb7x7")
}, {
"end_offset": 0.0,
"start_offset": 0.0,
"stream": ExtResource("4_hb7x7")
}, {
"end_offset": 0.0,
"start_offset": 0.58,
"stream": ExtResource("5_1wmpc")
}],
"times": PackedFloat32Array(-0.0333, 0.8991, 1.8648, 2.8971, 3.9294, 4.8951, 5.8941, 6.9264, 7.8921, 8.8911, 9.9234)
}
tracks/0/use_blend = true
tracks/1/type = "method"
tracks/1/imported = false
tracks/1/enabled = true
tracks/1/path = NodePath(".")
tracks/1/interp = 1
tracks/1/loop_wrap = true
tracks/1/keys = {
"times": PackedFloat32Array(10.1232, 13.0203),
"transitions": PackedFloat32Array(1, 1),
"values": [{
"args": [],
"method": &"time_up"
}, {
"args": [],
"method": &"end_round"
}]
}

[sub_resource type="AnimationLibrary" id="AnimationLibrary_3d86e"]
_data = {
"timeup": SubResource("Animation_o7t8e")
}

[node name="main" type="Control"]
layout_mode = 3
anchors_preset = 15
anchor_right = 1.0
anchor_bottom = 1.0
grow_horizontal = 2
grow_vertical = 2
script = ExtResource("1_d57ys")

[node name="VBoxContainer" type="VBoxContainer" parent="."]
layout_mode = 1
anchors_preset = 15
anchor_right = 1.0
anchor_bottom = 1.0
grow_horizontal = 2
grow_vertical = 2

[node name="HBoxContainer" type="HBoxContainer" parent="VBoxContainer"]
layout_mode = 2

[node name="reset_btn" type="Button" parent="VBoxContainer/HBoxContainer"]
layout_mode = 2
size_flags_horizontal = 3
theme = ExtResource("3_o7km3")
theme_override_font_sizes/font_size = 64
text = "RESET"

[node name="exit_btn" type="Button" parent="VBoxContainer/HBoxContainer"]
layout_mode = 2
size_flags_horizontal = 3
theme = ExtResource("3_o7km3")
theme_override_font_sizes/font_size = 64
text = "EXIT"

[node name="word_btn" type="Button" parent="VBoxContainer"]
layout_mode = 2
size_flags_vertical = 3
theme = ExtResource("3_t0kp4")
theme_override_font_sizes/font_size = 96
text = "GET READY!!!"
autowrap_mode = 3

[node name="Label" type="Label" parent="."]
visible = false
layout_mode = 0
offset_left = 22.0
offset_top = 72.0
offset_right = 558.0
offset_bottom = 233.0
theme_override_font_sizes/font_size = 64
text = "Output"

[node name="Start_Timer" type="Timer" parent="."]
wait_time = 3.0
one_shot = true
autostart = true

[node name="Next_Timer" type="Timer" parent="."]
one_shot = true

[node name="buzzer" type="AudioStreamPlayer" parent="."]

[node name="AnimationPlayer" type="AnimationPlayer" parent="."]
libraries = {
"": SubResource("AnimationLibrary_3d86e")
}

[node name="Timer_up" type="Timer" parent="."]
wait_time = 60.0
one_shot = true
autostart = true

[node name="start" type="AudioStreamPlayer" parent="."]
stream = ExtResource("6_ke1sk")
volume_db = -11.946
autoplay = true

[node name="next" type="AudioStreamPlayer" parent="."]
stream = ExtResource("7_a0xhv")

[node name="point" type="AudioStreamPlayer" parent="."]
stream = ExtResource("8_mchxn")

[node name="pass" type="AudioStreamPlayer" parent="."]
stream = ExtResource("9_5l15u")

[connection signal="pressed" from="VBoxContainer/HBoxContainer/reset_btn" to="." method="_on_reset_btn_pressed"]
[connection signal="pressed" from="VBoxContainer/HBoxContainer/exit_btn" to="." method="_on_exit_btn_pressed"]
[connection signal="pressed" from="VBoxContainer/word_btn" to="." method="next_word"]
[connection signal="timeout" from="Start_Timer" to="." method="next_word"]
[connection signal="timeout" from="Next_Timer" to="." method="next_word"]
[connection signal="timeout" from="Timer_up" to="." method="count_down"]
